@InProceedings{ld-hpp-16,
  author    = {Wim T.L.P. Lavrijsen and Aditi Dutta},
  booktitle = {2016 6th Workshop on Python for High-Performance and Scientific Computing ({PyHPC})},
  title     = {High-Performance Python-C++ Bindings with {PyPy} and Cling},
  year      = {2016},
  month     = {nov},
  publisher = {{IEEE}},
  doi       = {10.1109/pyhpc.2016.008},
}

@Article{kvl-eaa-23,
  author        = {Baidyanath Kundu and Vassil Vassilev and Wim Lavrijsen},
  journal       = {CoRR},
  title         = {Efficient and Accurate Automatic Python Bindings with cppyy {\&} Cling},
  year          = {2023},
  volume        = {abs/2304.02712},
  archiveprefix = {arXiv},
  bibsource     = {dblp computer science bibliography, https://dblp.org},
  biburl        = {https://dblp.org/rec/journals/corr/abs-2304-02712.bib},
  doi           = {10.48550/arXiv.2304.02712},
  eprint        = {2304.02712},
}

@Article{per-wji-18,
  author    = {Jeffrey M. Perkel},
  journal   = {Nature},
  title     = {Why Jupyter is data scientists' computational notebook of choice},
  year      = {2018},
  month     = {oct},
  number    = {7729},
  pages     = {145--146},
  volume    = {563},
  doi       = {10.1038/d41586-018-07196-1},
  publisher = {Springer Science and Business Media {LLC}},
}

@Article{per-tcc-21,
  author    = {Jeffrey M. Perkel},
  journal   = {Nature},
  title     = {Ten computer codes that transformed science},
  year      = {2021},
  month     = {jan},
  number    = {7842},
  pages     = {344--348},
  volume    = {589},
  doi       = {10.1038/d41586-021-00075-2},
  publisher = {Springer Science and Business Media {LLC}},
}

@InProceedings{krp-jn-16,
  author    = {Thomas Kluyver and Benjamin Ragan-Kelley and Fernando P{\'e}rez and Brian Granger and Matthias Bussonnier and Jonathan Frederic and Kyle Kelley and Jessica Hamrick and Jason Grout and Sylvain Corlay and Paul Ivanov and Dami{\'a}n Avila and Safia Abdalla and Carol Willing and Jupyter development team},
  booktitle = {Positioning and Power in Academic Publishing: Players, Agents and Agendas},
  title     = {Jupyter Notebooks -- a publishing format for reproducible computational workflows},
  year      = {2016},
  editor    = {Fernando Loizides and Birgit Scmidt},
  pages     = {87--90},
  publisher = {IOS Press},
  url       = {https://eprints.soton.ac.uk/403913/},
}

@InCollection{cgj-tog-13,
  author    = {Markus Chimani and Carsten Gutwenger and Michael J{\"{u}}nger and Gunnar W. Klau and Karsten Klein and Petra Mutzel},
  booktitle = {Handbook on Graph Drawing and Visualization},
  publisher = {Chapman and Hall/CRC},
  title     = {The Open Graph Drawing Framework {(OGDF)}},
  year      = {2013},
  editor    = {Roberto Tamassia},
  pages     = {543--569},
  bibsource = {dblp computer science bibliography, https://dblp.org},
  biburl    = {https://dblp.org/rec/reference/crc/ChimaniGJKKM13.bib},
}

@Thesis{str-agw-22,
  author = {Strobl, Andreas},
  school = {University of Passau},
  title  = {A generic widget library for Rapid-Prototyping of Graph Algorithms in Jupyter Notebooks},
  type   = {bathesis},
  url    = {https://www.fim.uni-passau.de/fileadmin/dokumente/fakultaeten/fim/lehrstuhl/rutter/abschlussarbeiten/2022-Andreas_Strobl-BA.pdf},
  year   = {2020},
}

@Misc{gfh-cmm-22,
  author    = {Goren, Nir and Fogel, Efi and Halperin, Dan},
  title     = {{CGAL} Made More Accessible},
  year      = {2022},
  copyright = {Creative Commons Attribution Non Commercial Share Alike 4.0 International},
  doi       = {10.48550/ARXIV.2202.13889},
  keywords  = {Computational Geometry (cs.CG), Mathematical Software (cs.MS), FOS: Computer and information sciences, FOS: Computer and information sciences},
  publisher = {arXiv},
}

@Comment{jabref-meta: databaseType:bibtex;}
